@misc{rsync_alg,
  title={The rsync algorithm},
  author={Tridgell, Andrew and Mackerras, Paul and others},
  year={1996}
}

@manual{posix,
  title={{IEEE} {Std} 1003.1},
  edition={2013},
  organization={IEEE Standards Association},
  author={The Open Group}
}

@mastersthesis{cowfs_perform_anal_impl,
  author={Sakis Kasampalis},
  title={Copy On Write Based File Systems Performance Analysis And Implementation},
  school={Technical University of Denmark},
  year={2010}
} 

@misc{snapshot_def,
  author = {Storage Networking Industry Association},
  title = {{SNIA} Dictionary},
  howpublished = {\url{http://www.snia.org/education/dictionary/s}}
}

@inproceedings{snapshot_types,
  title={Point-in-time copy: Yesterday, today and tomorrow},
  author={Azagury, Alain and Factor, MF and Satran, Julian and Micka, William},
  booktitle={NASA CONFERENCE PUBLICATION},
  pages={259--270},
  year={2002},
  organization={NASA; 1998}
}

@techreport{postmark,
  title={Postmark: A new file system benchmark},
  author={Katcher, Jeffrey},
  year={1997},
  institution={Technical Report TR3022, Network Appliance, 1997. www.netapp.com/tech\_library/3022.html}
}

@misc{fusejna,
  title={{FUSE-JNA} project page},
  howpublished={\url{http://fusejna.net/}}
}

@misc{posix_wiki,
  title={{POSIX} page on Wikipedia},
  howpublished={\url{http://en.wikipedia.org/wiki/POSIX}}
}

@inproceedings{lvm,
  title={Volume Managers in Linux.},
  author={Teigland, David and Mauelshagen, Heinz},
  booktitle={USENIX Annual Technical Conference, FREENIX Track},
  pages={185--197},
  year={2001}
}

@mastersthesis{disk_perform_lvm,
  title={Disk performance of copy-on-write snapshot logical volumes},
  author={Shah, Bhavana},
  year={2006},
  school={The University Of British Columbia}
}

@article{snapfs,
  title={An efficient snapshot technique for ext3 file system in linux 2.6},
  author={Shim, Seungjun and Lee, Woojoong and Park, Chanik},
  journal={Realtime Linux Foundation (RTLW)},
  year={2005}
}

@misc{overlayfs,
  title={OverlayFS project page on sourceforge},
  howpublished={\url{http://sourceforge.net/projects/olfs/}}
}
